1987 2385
142 236 269 283 virgil.
284 237 372 273 Aen.
386 236 444 283 10,
461 235 542 284 253.
557 234 608 269 αδ
611 230 729 284 frena
744 230 873 270 thanes.
918 233 993 271 Liv.
1007 243 1064 274 22,
1084 237 1140 279 195
1156 233 1254 268 miles
1269 231 1322 267 ad
1335 225 1458 270 naiies,
1480 230 1503 265 ἰ.
1517 239 1549 264 e.
1563 226 1665 267 miles

140 296 347 331 classiarius.
371 296 431 330 ubi
445 307 475 329 v.
486 294 595 327 Gron.
606 301 661 338 34,
672 291 705 326 6.
721 292 819 326 servi
829 292 879 325 ad
891 302 1032 330 remum,
1049 291 1071 325 i.
1082 301 1113 325 e.
1125 291 1217 326 servi
1229 290 1392 334 remiges,
1415 288 1475 324 ubi
1489 299 1520 324 ν.
1529 284 1665 322 Duker.

140 353 229 388 Add.
242 353 401 387 Gronov.
417 353 459 384 de
473 349 619 393 pecunia
636 354 744 384 veter.
763 358 792 390 1,
810 360 842 394 7,
868 360 902 395 p.
918 358 978 395 353
1463 343 1468 346 “

229 430 287 465 31.
312 417 470 463 egregie]
499 416 522 452 i.
540 427 570 450 e.
595 415 838 458 vehementer,
869 415 986 459 valde,
1019 421 1060 452 ut
1075 415 1113 452 in
1136 426 1168 458 1,
1187 425 1226 462 5,
1244 424 1300 461 39.
1329 424 1434 460 quam
1456 423 1519 456 ego
1543 410 1662 449 animo

139 479 276 521 egregie
290 486 410 510 atram
425 486 495 517 pro
511 485 623 507 uxore
638 473 834 508 habuerim.

227 536 374 576 praeter
389 530 542 572 cetera]
557 530 579 564 i.
595 523 629 564 e.
645 538 729 573 prae
746 529 888 570 ceteris,
912 528 991 575 plus
1010 541 1113 576 quam
1128 535 1253 565 cetera.
1301 528 1341 563 In
1358 528 1423 562 hac
1438 536 1541 560 scena
1558 537 1591 559 v.
1602 533 1662 570 93.

80 582 91 613 f
103 588 116 593 ‘
133 586 258 637 forma
268 593 415 632 praeter
431 592 567 620 ceteras
581 587 747 621 honesta.
777 584 1067 632 Plaut.Amphitr.
1083 599 1117 630 2,
1132 599 1166 629 2,
1181 592 1214 627 8.
1231 597 1330 632 quem
1346 595 1409 629 ego
1424 594 1504 617 amo
1518 587 1663 626 praeter

138 655 268 677 omues.
313 643 334 683 J
336 642 438 677 ustin-
455 653 513 683 21,
529 642 563 677 6.
581 643 642 676 νίν
657 643 821 676 sollertia
829 637 1080 690 facundiaque
1093 651 1240 687 praeter
1257 650 1393 675 ceteros
1405 639 1571 682 insignis..
1618 636 1626 647 '

222 720 284 756 32.
307 709 500 754 studebat]
524 710 548 744 i.
566 720 596 746 e.
621 720 765 755 operam
785 708 898 745 dabat.
953 709 1099 745 studere
1121 722 1202 746 cum
1224 708 1425 745 accusativo
1450 706 1556 756 etiam
1579 715 1668 740 con·

136 769 282 804 struitur
295 768 333 801 in
346 767 433 803 Hec.
443 778 477 808 2,
490 778 523 809 2,
536 777 592 802 20.
616 768 687 802 Cic.
699 767 786 801 Phil.
795 767 829 808 6,
843 777 866 813 7
880 780 984 800 unum
999 769 1144 802 sentitis
1159 780 1289 806 omues,
1312 778 1418 800 unum
1434 763 1603 800 studetis.

224 846 282 882 33.
306 848 376 871 non
391 836 532 880 inuria]
553 835 576 872 i.
590 846 714 881 elnon
730 835 805 870 sine
820 835 976 878 ratione,
999 836 1189 872 immerito.
1227 836 1268 871 In
1282 836 1372 871 Eun.
1383 844 1418 879 3,
1430 844 1463 875 1,
1471 842 1516 879 43
1531 837 1659 868 metue-

133 893 222 928 bant
236 905 356 927 omnes
372 894 444 927 iam
462 904 516 925 mc
527 905 600 925 non
616 894 761 928 iniuria.
956 925 962 929 ,
1595 934 1597 936 ³

224 959 280 993 34.
305 961 347 981 ne
362 949 448 993 quid
463 949 589 991 nimis]
607 949 789 997 Expressit
804 958 969 997 graecum
983 955 1069 991 μηδεν
1089 955 1176 989 ἀναν,
1201 948 1296 995 quod
1318 948 1459 987 dictum,
1480 943 1659 988 abaliquo

129 1006 287 1053 sapiente
301 1004 490 1050 prolatum,
505 1004 628 1038 deinde
642 1005 821 1050 proverbii
837 1006 908 1040 vim
921 1007 1065 1052 accepit,
1082 1007 1276 1051 indicatque
1290 1004 1435 1039 modum
1448 1000 1657 1040 inmunibus

130 1064 233 1097 rebus
248 1061 422 1106 optimum
442 1070 530 1096 esse.
554 1073 587 1096 v.
600 1062 739 1097 Erasmi
754 1062 877 1106 adagia
893 1063 944 1099 tit.
961 1063 1148 1099 modestia.
1286 1108 1288 1110 ι

222 1139 278 1176 35.
301 1125 463 1179 perferre
476 1140 522 1164 ac
537 1129 637 1173 pati]
655 1128 766 1175 Saepe
781 1129 887 1165 etiam
901 1140 920 1163 a
934 1129 1104 1166 Cicerone
1118 1135 1156 1164 et
1167 1129 1245 1163 aliis
1261 1133 1448 1174 usurpatur
1459 1124 1604 1176 perfero
1620 1132 1656 1160 et

128 1188 272 1231 patior,
295 1187 422 1229 patior
442 1193 478 1218 et
492 1180 602 1233 fero,
628 1188 813 1229 perpetior
836 1194 874 1219 et
894 1183 1050 1235 perfero.
1096 1187 1197 1222 Caes.
1214 1189 1252 1222 B.
1268 1188 1312 1222 G.
1329 1199 1363 1232 7,
1381 1197 1437 1230 30.
1462 1192 1501 1219 ut
1522 1184 1655 1224 omnia,

115 1255 217 1288 -quae
226 1243 497 1285 imperarentur,
513 1241 583 1275 sibi
587 1242 766 1286 patienda
776 1248 812 1276 et
819 1238 1035 1290 perferenda
1045 1243 1305 1282 existimarent,
1319 1243 1381 1278 ubi
1390 1254 1422 1277 v.
1430 1241 1655 1284 Oudendorp.

128 1299 321 1335 Infinitivus
331 1309 398 1342 pro
409 1298 618 1343 imperfecto
633 1294 840 1346 perferebat
849 1310 895 1331 ac
902 1297 1124 1341 patiebatur,
1136 1305 1175 1334 ut
1184 1299 1271 1338 infra
1285 1311 1319 1336 v,
1327 1309 1384 1345 70,
1394 1299 1527 1333 inEun.
1536 1308 1570 1342 3,
1580 1307 1655 1343 3,9.

217 1366 277 1411 36.
301 1361 388 1399 ‘um'
401 1364 532 1411 quibus·
547 1371 628 1399 erat
648 1366 806 1410 cunque]
831 1376 894 1410 per
915 1366 1041 1400 tmesin
1063 1366 1190 1414 dieitur
1207 1378 1273 1411 pro
1296 1377 1374 1399 eum
1395 1365 1655 1410 quibuscunque

126 1429 217 1456 erat.
243 1432 274 1463 1,
290 1434 324 1467 5,
341 1427 398 1461 28.
422 1433 512 1465 quac
528 1433 603 1454 meo
619 1432 753 1467 cunque
764 1422 885 1456 am‘mo
900 1421 1039 1456 libitum
1056 1420 1259 1472 estfacere.

217 1480 264 1512 iis
281 1491 319 1511 se
337 1478 487 1521 dedere]
512 1479 534 1512 i.
550 1489 581 1513 e.
597 1475 652 1512 hi's
670 1477 836 1524 obsequi,
864 1476 979 1511 facere
996 1479 1134 1520 omnia,
1158 1490 1245 1526 quae
1259 1480 1313 1514 his
1329 1484 1426 1523 grata
1443 1483 1548 1514 sunt:
1580 1480 1650 1514 Lo-

125 1535 222 1570 cutio
243 1535 344 1569 ducta
370 1534 412 1568 ab
435 1533 496 1574 iis,
526 1534 586 1580 qui
605 1545 646 1568 se
668 1535 705 1568 in
723 1534 882 1569 hostium
905 1539 1134 1579 protestatem
1159 1536 1289 1570 dedunt
1314 1542 1350 1570 et
1372 1536 1515 1580 proprie
1535 1536 1652 1569 dediti

124 1591 294 1625 dicuntur.
327 1601 358 1625 V.
374 1589 504 1625 Donat.
525 1591 567 1624 ad
586 1591 622 1625 h.
638 1590 660 1624 1.
685 1590 829 1625 Bentlei.
850 1590 892 1623 ad
916 1591 1002 1625 Hor.
1018 1590 1131 1624 Carm.
1148 1600 1181 1635 3,
1197 1601 1231 1635 5,
1247 1601 1305 1635 33.
1330 1590 1369 1623 In
1383 1592 1473 1626 Eun.
1488 1602 1522 1636 5,
1540 1602 1585 1636 72
1610 1600 1651 1624 ιιι,-

129 1647 261 1680 Thaidi
273 1658 327 1679 me
341 1647 468 1679 dedam
483 1644 673 1695 etfaciam
689 1646 785 1690 quod
798 1645 938 1686 iubeat;
954 1646 989 1680 in
996 1646 1208 1691 Heaut.4,.3,
1219 1657 1253 1691 3.
1268 1646 1361 1681 dedo
1368 1648 1472 1690 patri
1489 1660 1543 1681 me
1559 1661 1653 1682 mmc

124 1704 208 1737 iam.
234 1701 351 1744 Quint.
362 1701 434 1735 Cic.
447 1702 491 1735 de
501 1702 596 1746 petit.
609 1701 780 1736 consulat.
795 1713 825 1736 c.
842 1708 862 1735 1
878 1703 932 1734 illi
941 1714 979 1734 se
989 1702 1199 1735 dediderunt
1214 1720 1258 1729 —
1277 1703 1484 1736 deseret-unt
1502 1711 1649 1739 ceteros.

121 1760 259 1796 Eodem
272 1769 378 1793 sensu
392 1755 552 1795 dicuntur
566 1769 605 1793 se
619 1759 718 1801 dare,
741 1769 780 1793 se
794 1758 958 1804 praebere
973 1758 1086 1795 alicui.
1109 1771 1141 1795 v.
1157 1759 1419 1806 Jo.Schu1ting.
1439 1760 1481 1795 ad
1497 1760 1650 1797 Senecae

122 1818 348 1851 Controvers.
367 1825 398 1854 1,
420 1825 453 1858 p.
467 1816 525 1859 69.
1239 1810 1243 1814 ’

186 1910 189 1912 ⁴
212 1882 269 1918 39.
292 1870 453 1905 invenire
468 1864 728 1915 elegantissime
743 1871 885 1918 ponitur
899 1870 965 1917 pri>
983 1871 1180 1919 acquirere,
1204 1874 1390 1921 consequi,
1419 1873 1577 1919 adipisci,
1610 1879 1650 1908 ut

122 1930 210 1973 apud
229 1929 384 1964 Graecos
408 1928 549 1968 ἑυμσκειν.
583 1928 645 1969 ¹In
659 1929 785 1964 Heaut.
805 1940 840 1973 4,
855 1938 887 1974 7,
902 1939 946 1972 13
968 1928 1089 1965 labore
1111 1932 1251 1967 inventa
1273 1943 1355 1972 meo
1379 1931 1518 1977 quidem
1541 1930 1649 1967 bona·

121 1984 205 2023 Just.
219 1995 276 2028 12,
293 1989 315 2025 8
332 1993 439 2032 quum
456 1983 592 2020 veniam
608 1983 650 2020 ab
666 1984 772 2021 hoste
785 1984 1010 2024 invenissent.
1034 1985 1142 2037 ubi'v.
1158 1987 1357 2023 Graevium.
