1987 2385
325 167 379 205 ¹5
1021 137 1264 184 Lm.

323 255 480 293 tissime,
503 252 641 287 vicisti.
671 250 734 286 ubi
753 248 1035 288 vid.Graev1um.
1056 253 1117 295 (in
1137 263 1219 287 meo
1240 248 1446 297 apographo
1468 253 1541 286 est:
1563 251 1694 287 habet!
1714 248 1861 289 Secutus

322 314 432 359 igitur
447 317 501 346 est
517 309 718 344 Ruhnk..eo
735 314 908 353 tempore,
933 320 1003 355 quo
1019 309 1236 344 Beckmanus
1252 320 1332 344 eum
1348 308 1489 349 audivit,
1504 309 1615 352 (anno
1629 313 1736 356 1774)
1752 322 1860 357 quum

324 369 529 406 Terentium
539 366 740 412 explicaret,
750 365 1032 400 emendationem
1041 367 1194 411 Ruperti,
1207 377 1310 412 quam
1327 365 1433 400 etiam
1441 364 1611 401 Graevius
1619 367 1863 409 probavit.G.)

323 426 409 462 Inde
421 429 567 460 venuste
577 422 752 458 dicitnrde
762 432 820 461 eo,
836 421 1023 466 quicaptus
1035 428 1071 456 et
1079 424 1244 468 deceptus
1259 422 1407 463 est,sive
1424 421 1466 455 de
1483 433 1554 468 quo
1571 427 1686 457 actum
1695 428 1760 458 est.
1781 423 1861 459 Sen.

323 483 362 518 in
379 482 507 526 Agam.
524 493 557 515 v.
572 491 641 525 901
659 478 769 512 habet
779 502 788 516 ,
807 484 993 519 peractum
1008 485 1083 515 est,
1107 480 1240 520 pendet
1256 480 1387 521 exigua
1403 478 1496 523 male
1511 481 1623 521 capul
1637 486 1863 521 amputatum

323 545 443 584 parte.
470 548 501 570 v.
513 535 673 569 Gronov.
687 533 863 567 Observtt.
880 542 914 570 2,
931 541 988 576 25,
1006 536 1044 565 et
1058 543 1149 577 quos
1165 532 1283 568 laudat
1293 533 1511 568 Brouckhus.
1529 533 1570 567 ad
1587 532 1666 570 Tib.
1681 544 1712 574 1,
1731 544 1765 579 5,
1782 545 1816 570 2.

418 598 477 640 58.
501 590 629 626 hahuit
645 588 839 624 verecunde
854 587 941 622 dixit
954 598 1021 632 pro
1036 588 1227 624 concubuit
1245 600 1325 623 cum
1341 589 1525 636 Chryside.
1550 589 1621 625 Cic.
1640 590 1681 624 ad
1695 591 1804 637 div.9,
1816 589 1862 626 26

326 666 371 687 η,
388 650 601 693 Aristippus
619 645 757 692 quidem
772 642 930 682 erubuit,
954 654 1058 688 quum
1076 651 1169 677 esset
1185 644 1379 691 obiectum,
1403 645 1534 678 habere
1548 658 1622 678 eum
1637 646 1772 684 Laida,
1795 646 1818 681 i.
1831 657 1861 681 e.

325 708 433 746 Laide
449 706 490 740 ad
503 704 683 739 arbitrium
698 701 777 736 frui.
809 699 909 736 Ovid.
922 710 1033 736 amor.
1048 710 1084 744 3,
1099 710 1152 740 12,
1165 699 1188 735 6
1207 710 1284 734 cum
1298 701 1421 735 multis
1435 713 1561 736 vereor
1577 714 1620 736 ne
1631 701 1681 736 ric
1696 701 1862 737 habenda

323 766 431 804 mihi,
452 762 513 798 ubi
529 773 560 796 v.
576 760 763 794 Burmann.

418 832 478 867 59.
502 826 621 856 teneo,
644 817 668 853 i.
683 827 714 850 e.
738 815 833 855 scio,
858 813 1035 859 intelligo„
1055 825 1092 859 3,
1106 825 1139 855 2,
1159 819 1201 853 18
1221 820 1344 852 teneo,
1368 814 1454 859 quid
1474 820 1578 848 erret.
1602 803 1605 806 ’
1716 814 1718 817 “
1764 809 1803 837 ‘ff

416 889 451 913 v.
462 874 523 911 62.
536 871 717 919 Symbola,
732 883 752 905 a
770 881 823 915 gr.
834 871 952 905 *verbo
962 879 1151 912 σομβκμην.
1174 870 1348 911 conferre,
1373 876 1426 904 est
1440 870 1597 915 pecunia,
1622 881 1710 917 quae
1724 870 1862 907 confer-

323 942 381 974 tur
403 934 445 969 ad
464 941 614 967 coenam
633 928 689 964 vel
703 927 1007 972 compotationern
1028 927 1210 961 communi
1227 933 1367 971 sumptu
1384 927 1624 971 apparandum.
1664 928 1862 961 collectam

323 996 430 1029 vocat
448 989 520 1025 Cic.
540 987 584 1020 de
601 996 654 1020 or.
669 995 703 1024 2,
728 993 787 1029 57.
844 982 903 1017 Sic
926 983 971 1015 de
985 982 1157 1026 symbolis
1171 994 1247 1015 esse
1262 983 1299 1017 in
1316 983 1406 1019 Eun.
1418 993 1455 1026 3,
1480 994 1513 1027 4,
1538 994 1560 1018 2
1577 983 1751 1028 significat
1764 996 1860 1019 cotn-

322 1045 425 1087 niuni
437 1049 580 1089 sumptu
596 1051 759 1076 coenare.
791 1038 1017 1077 Plaut.Stioh.
1035 1047 1068 1084 3,
1095 1050 1127 1080 1,
1152 1044 1209 1079 28.
1233 1051 1273 1073 eo
1291 1039 1439 1073 condixi
1453 1041 1492 1072 in
1512 1039 1707 1084 symbolam
1723 1041 1773 1074 acl
1787 1051 1861 1076 coe-

326 1118 412 1142 nam
441 1103 477 1138 h.
503 1113 535 1137 e.
561 1098 711 1144 promisi
736 1108 793 1130 me
819 1107 952 1131 coenae
989 1096 1188 1131 adfuturum
1229 1107 1296 1140 pro
1333 1096 1499 1140 portione
1527 1107 1604 1131 mea
1645 1097 1682 1132 in
1706 1104 1860 1143 sumptu.

326 1162 402 1205 Qui
413 1157 501 1194 nihil
517 1153 657 1190 confert
670 1158 708 1186 et
726 1152 837 1197 gratis
856 1156 1001 1191 coenat,
1032 1150 1238 1196 asymbolus
1253 1151 1393 1192 dicitur,
1418 1157 1457 1188 ut
1480 1152 1516 1186 in
1533 1152 1674 1187 Phorm.
1689 1164 1722 1194 2,
1747 1164 1779 1194 2,
1804 1165 1862 1200 25.

323 1215 472 1264 (Lepide
495 1211 605 1249 Plaut.
625 1208 726 1253 Epid.
748 1220 783 1249 2,
808 1218 840 1248 1,
859 1218 916 1242 22.
947 1208 1025 1241 sine
1049 1219 1126 1241 meo
1153 1214 1300 1252 sumptu
1320 1214 1478 1251 paratae
1503 1209 1574 1241 iam
1597 1216 1682 1242 sunt
1702 1211 1863 1254 scapulis

324 1273 524 1322 symbolae,
554 1268 597 1302 ad
624 1266 768 1301 verbera
787 1264 978 1304 transtulit,
1012 1275 1102 1309 quae
1128 1264 1205 1309 quis
1221 1275 1295 1298 non
1308 1264 1431 1304 unius,
1455 1265 1515 1298 sed
1532 1264 1685 1309 plurium
1701 1268 1861 1302 manibus

322 1330 458 1376 accipit,
477 1326 540 1371 G.)
587 1323 677 1359 Cum
698 1320 862 1367 symbola
882 1331 957 1355 non
983 1320 1153 1356 confundi
1176 1318 1281 1356 debet
1300 1319 1494 1366 symbolum
1516 1320 1572 1356 vel
1594 1321 1774 1367 symbolus
1789 1324 1811 1360 i.
1829 1336 1861 1362 e.

327 1387 488 1426 annulus,
513 1384 588 1418 sive
604 1379 753 1427 quodvis
772 1378 863 1413 aliud
880 1377 1026 1413 solitum
1044 1377 1118 1411 dari
1134 1379 1250 1420 (arrae
1265 1378 1360 1413 loco.
1379 1378 1442 1421 G.)
1460 1378 1503 1419 ei,
1518 1378 1577 1424 qui
1590 1390 1737 1414 coenam
1751 1387 1861 1425 parat.

323 1446 461 1490 (Etiam
485 1440 544 1475 illa
568 1444 714 1477 tessera,
737 1446 824 1482 quae
850 1435 950 1470 datur
969 1434 1006 1470 in
1030 1435 1267 1471 contraethus
1285 1434 1370 1471 loco
1393 1435 1587 1479 praesentis
1602 1437 1782 1479 pecuniae.
1810 1439 1860 1481 G)

321 1513 355 1540 v.
371 1498 521 1535 Casaub.
537 1496 580 1529 ad
598 1492 730 1528 Athen.
745 1502 781 1536 3,
802 1502 859 1535 32.

415 1556 474 1601 63,
496 1554 557 1599 64.
590 1547 926 1595 nihil-quidquam]
966 1546 1157 1591 Eleganter
1187 1547 1379 1593 quidquam
1400 1548 1561 1584 abundat.
1585 1548 1670 1585 Hec.
1686 1556 1720 1594 3,
1744 1556 1777 1592 3,
1802 1559 1861 1599 43.“

321 1618 400 1655 Hic
423 1612 493 1647 tibi
518 1609 610 1643 nihil
633 1614 688 1640 est
712 1606 905 1651 quidquam
932 1603 1158 1636 incommodi.
1213 1603 1304 1638 Gen.
1330 1614 1369 1644 Ι,
1399 1614 1423 1648 3
1454 1605 1545 1638 nihil
1567 1598 1643 1638 esse
1665 1608 1857 1652 quidquam

325 1670 547 1709 commissum
563 1673 597 1708 :a
618 1677 682 1699 me.
714 1661 772 1699 SIc
790 1660 872 1698 voci
883 1671 983 1695 nemo
997 1670 1061 1705 per
1072 1658 1319 1705 pleonasmum
1338 1660 1472 1697 additur
1485 1661 1669 1707 quisquam
1685 1663 1740 1698 vel
1757 1676 1858 1700 unus.

319 1745 354 1769 v.
372 1726 548 1766 Drakenb.
564 1723 606 1757 ad
621 1722 696 1757 Liv.
711 1726 746 1760 3,
773 1730 827 1754 12.

412 1785 473 1829 64.
495 1778 690 1828 enimvero]
714 1777 750 1811 in
766 1775 869 1811 initio
885 1774 1059 1811 orationis
1076 1784 1152 1810 rem
1167 1774 1374 1820 gravissime
1389 1774 1550 1811 affirmat.
1573 1775 1613 1811 In
1622 1775 1729 1813 Andr.
1741 1788 1771 1820 1,
1779 1788 1813 1823 3,
1827 1788 1860 1814 1,

320 1846 502 1882 em'mvero
525 1836 617 1872 nihil
643 1834 713 1868 loci
738 1840 795 1867 cst
816 1835 1004 1878 segnitiae.
1026 1833 1102 1870 Liv.
1135 1844 1166 1874 1,
1191 1838 1235 1872 51
1259 1834 1436 1868 enimvero
1459 1830 1657 1883 manifesta
1686 1847 1743 1868 res
1762 1836 1857 1874 visa,

320 1903 382 1939 ubi
405 1913 438 1936 v.
462 1892 642 1933 Drakenb.
1174 1926 1177 1929 ,

418 1949 640 2000 spectatum]
665 1953 832 1993 spectare
850 1950 906 1982 est
920 1945 1169 1993 experimentis
1185 1947 1409 1992 cognoscere,
1426 1948 1637 1994 perspicere.
1660 1945 1815 1983 InAndr.
1825 1958 1859 1994 5,

327 2021 363 2059 5,
389 2024 422 2052 1.
444 2011 538 2047 satis
552 2009 637 2047 iam.
660 2005 769 2047 satis,
791 2011 963 2057 spectata
978 2016 1066 2052 erga
1081 2012 1118 2041 ce
1136 2004 1300 2041 amicicia
1315 2017 1404 2041 mea.
1451 2004 1552 2049 Virg.
1574 2003 1619 2039 A.
1634 2008 1667 2045 8,
1684 2011 1760 2049 151.
1774 2011 1862 2042 sunt>
