1987 2385
324 205 377 238 20
1039 207 1209 219 ‘’¹¹⁸⁸'’-

416 302 450 326 ν.
467 299 519 337 15.
544 299 694 336 potens,
719 289 742 325 i.
759 301 790 324 e.
814 288 1026 337 imperiosa,
1057 303 1199 338 procax.
1257 286 1381 328 Horat.
1408 302 1462 326 ars
1484 295 1580 337 poet.
1600 293 1676 327 116.
1702 301 1872 328 matrona

325 356 468 392 potens.

376 407 543 445 Procax,
567 416 688 451 propr
707 410 772 446 est,
797 417 887 453 quae
901 406 1009 442 multa
1028 408 1156 452 poscit,
1176 420 1194 442 a
1211 419 1347 451 proem-
1329 408 1371 445 11¹,
1389 407 1411 442 i.
1432 419 1465 443 e.
1480 411 1610 451 petere.
1644 406 1746 441 Unde
1764 408 1871 441 etiam

326 463 387 509 qui
402 463 577 507 virginem
596 463 632 496 in
648 464 911 497 matrimonium
927 469 998 506 pet
1000 470 1061 503 xnt,
1086 467 1191 506 proci
1204 466 1383 504 dicuntum
1407 465 1446 505 2)
1455 476 1597 507 procax
1610 462 1664 497 est
1676 463 1873 508 impudens.

407 519 641 569 :Magnifica
688 518 899 563 Magnificus
916 516 1266 557 affluentiam'rerum
1282 519 1468 566 significat.

341 615 342 618 η
351 602 370 623 ,w

928 600 1014 668 Aet.
1045 630 1082 667 2.
1147 631 1208 667 Sc.
1238 632 1278 668 2.

423 717 458 742 v.
488 718 518 741 1.
543 706 587 740 de
611 718 732 741 amore
756 718 852 748 meo3
876 707 898 740 ἰ,
918 718 948 741 e.
968 707 1062 752 quod
1081 706 1204 741 attinet
1218 707 1260 742 ad
1277 718 1435 741 amorem
1451 712 1585 742 meumi

425 776 457 798 v.
482 775 516 807 3.
543 775 664 798 versus
683 764 855 804 vitiosus,
889 776 994 809 quem
1018 764 1065 797 ita
1092 765 1254 798 emendat
1272 764 1469 798 Bentleius:
1511 769 1728 808 concurrunt
1749 762 1874 801 multa,

332 821 534 862 opinionem
553 822 649 853 Ιιαηε
663 832 754 865 quae
769 822 856 853 mihi
875 827 1091 869 exaugeam.
1141 821 1336 865 Exaugere
1355 825 1409 855 est
1423 820 1529 855 etiam
1544 820 1580 854 in
1594 818 1704 854 Plaut.
1722 817 1828 854 Stich.
1841 829 1875 861 2,

332 887 364 918 1,
390 887 411 922 9
436 883 471 912 et
494 888 540 922 32
564 877 745 913 benefacta
766 878 942 913 maiorum
961 885 1104 913 tuorum
1126 887 1272 922 exauge.
1309 878 1514 921 (Forcellin.
1536 878 1651 920 verba,
1676 889 1766 923 quae
1789 876 1877 923 mjhi

331 935 487 968 animum
498 934 710 978 ‘exaugeam
729 935 819 979 expl.
838 936 886 969 mi
902 946 1118 970 accrescono
1134 935 1159 968 il
1177 935 1315 969 timore.
1327 935 1393 976 G.)

425 998 542 1024 macer
561 993 676 1032 mala,
703 992 724 1026 i.
742 1004 772 1026 e.
793 1003 913 1032 avara,
938 992 1090 1036 periura.

425 1048 507 1080 dum
534 1049 745 1085 moliuntur.
792 1049 815 1082 i.
835 1060 865 1081 e.
896 1049 979 1082 dum
1005 1059 1137 1092 magno
1172 1048 1294 1083 labore
1322 1053 1488 1094 apparant
1511 1049 1630 1084 omnia
1657 1051 1873 1084 ornamenta.

331 1105 492 1143 Verbum
511 1105 630 1139 moliri
643 1105 817 1140 interdum
833 1104 993 1149 absolute
1014 1106 1149 1139 dicitur.
1809 1100 1814 1104 ’

931 1191 1019 1229 Act.
1049 1193 1086 1229 2.
1150 1191 1211 1229 Sc.
1242 1191 1280 1229 3.

382 1278 414 1302 1.
441 1278 622 1301 sermones
642 1266 788 1302 caedere
811 1271 866 1303 est
882 1267 1111 1302 confabulari.
1160 1268 1313 1302 Locutio
1336 1267 1438 1302 ducta
1460 1271 1514 1302 est
1533 1279 1552 1301 a
1567 1265 1728 1308 Graecis,
1761 1283 1876 1303 nomm

332 1338 436 1365 λογους
461 1331 497 1359 et
521 1341 634 1360 ›conv-m
659 1341 787 1369 ςηματα.
837 1325 951 1370 (quod
978 1324 1119 1358 Nonius
1150 1324 1397 1368 interpretatur
1417 1327 1656 1358 ·c0mmiscere
1686 1336 1874 1358 sermones.

333 1381 391 1417 Al.
415 1382 464 1426 lg.
488 1394 667 1415 sermones
689 1382 848 1415 serimus.
897 1381 1003 1424 Quod
1019 1392 1230 1428 quamquam
1254 1380 1359 1415 latine
1380 1381 1523 1422 dicatur,
1548 1387 1662 1417 metro
1687 1387 1804 1416 tamen
1819 1382 1876 1416 ad·

332 1446 504 1476 versatur.
527 1439 587 1482 G.)

426 1507 460 1541 4.
486 1497 653 1538 impediti
678 1497 857 1542 eleganter
879 1496 1038 1532 dicuntur
1061 1494 1122 1543 qui
1143 1500 1312 1541 magnum
1333 1495 1464 1530 habent
1485 1494 1710 1536 comitatum,
1749 1504 1877 1539 magna

332 1564 461 1594 onera,
486 1553 614 1587 multas
630 1555 799 1588 sarcinas.

426 1621 460 1656 7.
484 1618 638 1649 vestem.
669 1610 692 1644 i.
710 1622 741 1644 e.
765 1611 891 1653 multas
910 1616 1038 1647 vestes.

426 1679 461 1714 9.
486 1668 529 1701 de
542 1675 606 1712 spe
620 1668 757 1708 decidi,
783 1669 811 1706 ‚i-
827 1680 856 1704 e.
880 1680 943 1714 spe
965 1668 1153 1704 frustratus
1176 1678 1266 1704 sum.
1322 1667 1439 1703 Etiam
1461 1666 1593 1702 omissa
1609 1665 1875 1712 praepositione

332 1725 477 1761 dicitur:
502 1736 563 1770 spe
579 1726 702 1760 decidi.
1828 1755 1831 1759 .

425 1792 484 1827 25.
510 1783 749 1815 coniecturam
765 1784 931 1826 cepimus.
957 1782 1135 1824 Bentleius
1150 1782 1251 1828 legit:
1275 1776 1691 1829 cbniecturamfecimus.
1711 1779 1779 1816 Sed
1797 1791 1875 1813 con·

333 1841 509 1874 iecturam
527 1851 654 1883 capere
668 1840 755 1874 dixit
766 1841 871 1875 etiam
885 1842 1010 1876 Cicero
1024 1843 1160 1877 Muren.
1171 1852 1205 1885 4.
1230 1840 1469 1874 coniecturam
1487 1840 1531 1873 de
1545 1846 1607 1873 tuo
1623 1839 1739 1883 ipsius
1753 1837 1876 1871 studio

334 1898 481 1942 ceperis.

424 1964 483 2000 35.
510 1955 686 1987 coniicere
701 1967 740 1987 se
757 1955 876 1999 aliquo
894 1954 1088 1999 significat:
1113 1954 1240 1999 raptim
1264 1965 1302 1988 se
1323 1953 1495 1990 conferre.
1541 1952 1667 1988 Cicero
1690 1962 1756 1998 pro
1773 1949 1873 1985 Co'el

336 2023 365 2046 c.
376 2010 422 2047 26
444 2011 508 2044 sub
520 2008 599 2044 fin.:
626 2012 800 2045 coniicere
814 2023 852 2044 se
867 2011 1059 2060 infquam
1096 2012 1172 2047 Mil.
1184 2023 1213 2047 c
1227 2023 1287 2058 19:
1312 2013 1484 2048 coniicere
1500 2024 1538 2046 se
1555 2013 1592 2045 in
1612 2018 1762 2076 nosqu-
1806 2010 1873 2045 Ne·

334 2079 414 2115 pos.
463 2067 589 2107 Them.
616 2079 645 2104 c.
678 2074 718 2110 8:
760 2070 797 2103 in
824 2071 1025 2104 sacrarium
1071 2088 1119 2099 —
1161 2081 1200 2104 se
1218 2064 1380 2106 εοιίίεσὶε.
1442 2071 1585 2105 Petron.
1613 2078 1642 2103 c.
1657 2079 1693 2116 9.
1721 2068 1758 2102 in
1782 2081 1872 2103 eum-
