1987 2385
779 167 947 179 uun-»⁴
1612 165 1633 176 με

1586 168 1631 203 ιΙ

102 251 213 287 animi
231 256 268 285 et
284 249 385 285 rebus
399 245 773 295 ¹spectatajuventus.
789 244 850 281 ubi
868 256 899 280 v.
919 243 1174 281 Senatocutio
1189 245 1349 282 translata
1366 250 1421 281 est
1438 258 1456 280 a
1470 247 1630 288 metallis,

100 309 305 355 praesertim
326 320 413 343 auro
435 310 663 350 argentoque,
688 315 776 350 quae
794 304 868 348 igni
887 308 1161 347 cognoscuntur.
1208 304 1400 338 Notissima
1419 304 1476 337 illa
1492 305 1630 340 Ovidii:

106 367 250 399 Scilicet
272 374 312 399 ur
327 364 472 411 fulvum
500 368 688 405 spectatur
709 361 746 393 in
772 360 913 404 ignibus
934 371 1069 398 aurum,
1095 367 1252 402 tempore
1270 361 1323 392 sic
1339 361 1427 395 duro
1445 369 1501 395 est
1520 375 1630 406 expe-

102 423 226 456 rienda
239 423 348 473 fides.
374 432 405 455 v.
422 418 579 454 Lambin.
598 418 640 452 ad
653 418 742 453 Hor.
760 417 859 463 epist.
882 428 912 458 1,
939 428 969 459 1,
993 427 1027 462 3.
1048 416 1217 451 etGraev.
1230 416 1272 449 ad
1287 416 1377 451 Flor.
1393 429 1425 458 2,
1446 428 1479 464 7.
1497 431 1530 463 p.
1548 430 1630 465 83¹

195 489 250 524 66.
275 484 523 533 conflictatur]
547 485 604 530 hjc
627 497 701 520 non
723 491 795 519 tam
819 486 860 518 ad
878 497 1032 529 pugnam
1048 485 1207 525 refertur,
1232 496 1335 530 quam
1352 486 1393 519 ad
1416 485 1632 532 frequentem

102 543 392 581 consuetudinem
415 541 601 580 hominum
623 541 852 581 vitiosorum,
877 546 999 575 contra
1020 551 1169 586 quorum
1186 542 1437 585 contagionem
1458 543 1552 578 velut
1568 556 1633 588 pu-

102 601 278 644 gnandum
295 604 359 639 est,
384 599 415 633 si
435 588 614 644 corrumpi
634 597 739 633 nolis.
786 597 844 634 Sic
866 598 955 633 bene
983 597 1130 643 explicat
1151 596 1297 637 Gesner.
1313 598 1348 631 in
1363 597 1452 632 thes.
1472 598 1557 645 ling.
1573 601 1633 635 lat.

103 668 180 692 voc.
198 655 383 690 conflictus
400 666 433 700 p.
457 660 558 701 1139.

194 723 251 763 63.
279 722 423 757 Habere
438 736 524 757 suae
536 724 638 756 vitae
654 724 806 762 modum,
832 724 854 757 i.
873 734 904 757 e.
929 723 1035 758 vitam
1060 733 1161 757 suam
1185 733 1320 767 regere,
1350 723 1425 759 sive
1441 725 1634 763 moderari.

104 781 234 816 Donat.
256 781 500 814 modum'bene
520 779 668 824 explicat
682 781 971 814 moderationem.
1021 780 1092 814 Cic.
1115 791 1181 824 pro
1197 781 1303 817 Marc.
1328 791 1357 816 c.
1379 791 1406 817 1.
1433 789 1577 816 cantum
1596 785 1634 818 in

103 849 241 872 summa
261 844 448 881 potestate
469 849 582 870 rerum
600 838 752 871 omnium
770 832 921 875 modzim,
944 836 1011 884 αἰξὶ,
1026 849 1057 871 ν.
1076 836 1201 871 Graev.

196 906 253 951 69.
277 917 347 939 uno
372 901 451 952 ore]
475 904 568 939 idem
587 909 642 939 est
661 903 785 950 quod
773 915 809 938 m
828 903 969 942 Hec.2.
996 915 1026 945 1,
1052 915 1086 948 4.
1111 916 1180 938 uno
1203 905 1333 938 animo.
1359 905 1500 940 Barbari
1520 907 1638 943 dicunt

104 964 330 997 unanimiter.
362 962 401 997 In
419 963 561 997 Phorni
578 972 611 1005 4,
635 970 716 1002 3‚2
695 972 741 995 20
767 972 836 993 uno
854 972 914 993 ore
930 967 1095 993 auctores
1102 957 1221 1007 fuere
1249 960 1373 1005 Virgil
1388 962 1476 996 Aen.
1491 974 1636 1008 113132.

105 1031 242 1064 unoque
257 1030 376 1052 omnes
394 1017 515 1051 eadem
531 1029 590 1051 ore
591 1014 815 1065 fremebant
839 1015 896 1051 Sic
908 1029 977 1049 una
988 1024 1102 1049 mente
1119 1024 1153 1048 ec
1163 1027 1262 1049 voce.
1286 1016 1357 1049 Cic.
1372 1018 1408 1050 in
1416 1018 1564 1063 Philipp.
1576 1030 1605 1060 1,
1613 1032 1638 1065 9

107 1087 227 1110 omnes
239 1077 310 1108 iam
329 1076 424 1108 cives
433 1074 476 1107 de
487 1073 701 1116 reipublicae
717 1073 835 1106 salute
850 1076 922 1107 ιιιιαι
937 1080 973 1111 et
989 1072 1103 1106 mente
1116 1079 1151 1106 et
1160 1085 1249 1107 voce
1264 1075 1499 1109 consentiunt.
1537 1076 1637 1110 Unus
1650 1074 1654 1079 ’

104 1138 158 1167 est
171 1143 253 1176 par,
277 1131 333 1165 vel
348 1132 450 1163 idem.
498 1130 543 1165 V.
560 1128 683 1164 Heius.
707 1129 866 1163 ad.Ovid.
882 1130 965 1163 Met.
984 1139 1038 1168 10,
1062 1139 1119 1173 33.

197 1211 317 1236 omnes
341 1199 462 1238 omnia
495 1196 589 1231 bona
619 1192 775 1244 dicere]
810 1195 876 1232 Vir
900 1196 1039 1242 quidam
1059 1196 1183 1231 doctus
1213 1196 1333 1241 legere
1363 1198 1485 1233 maluit
1517 1211 1639 1235 omnes

104 1245 225 1294 emina·
244 1256 339 1290 bona
355 1256 493 1294 dicere;
517 1265 621 1300 quam
638 1254 1019 1296 coniecturam¹merito
1035 1254 1193 1299 repudiat
1207 1253 1339 1289 Duker.
1358 1256 1402 1289 ad
1418 1256 1494 1291 Liv.
1513 1268 1570 1303 29,
1595 1269 1637 1294 10

107 1314 231 1359 (Tom.
243 1325 269 1359 4
278 1325 310 1359 p.
320 1311 414 1359 316
396 1310 591 1352 Drakenb„
607 1309 840 1345 ubiDukerus
849 1309 967 1355 plures
984 1310 1079 1345 viros
1090 1311 1217 1345 doctos
1227 1311 1388 1352 laudav1t
1413 1313 1472 1358 qui
1486 1314 1638 1349 docuere

106 1374 227 1406 omina
249 1376 284 1405 et
300 1371 419 1403 omnia
434 1368 624 1403 innumeris
640 1368 730 1403 locis
743 1368 942 1413 permutari
959 1367 1020 1409 G.)
1051 1369 1185 1402 Omnia
1201 1368 1295 1403 bona
1315 1370 1429 1404 dicere
1452 1377 1509 1406 est
1522 1377 1638 1417 gratu·

105 1429 181 1468 lari,
212 1427 349 1461 felicem
375 1426 584 1470 praedicare.
630 1425 783 1460 Locutio
810 1425 912 1460 ducta
937 1430 992 1460 est
1013 1436 1032 1459 a
1056 1426 1183 1466 sacris,
1213 1426 1249 1459 in
1267 1426 1391 1472 quibus
1407 1439 1532 1462 omnes
1556 1431 1638 1465 mali

107 1485 236 1522 ominis
259 1483 388 1519 vitandi
402 1493 505 1517 causa
521 1482 613 1516 bona
628 1482 732 1516 verba
748 1482 917 1516 dicebant.
963 1481 1149 1516 Caeterum
1171 1483 1260 1516 hanc
1279 1483 1441 1518 usitatam
1467 1496 1547 1519 esse
1564 1486 1637 1522 for-

107 1541 239 1577 mulam
258 1540 420 1575 laudandi
433 1540 548 1574 bonae
565 1536 694 1574 indolis
715 1538 974 1574 adolescentem
992 1539 1098 1575 docet
1111 1538 1204 1573 Don.
1229 1540 1272 1573 ad
1288 1539 1360 1574 h.1.
1385 1540 1485 1575 Ovid.
1501 1542 1585 1578 Met.
1603 1554 1639 1588 4,

107 1608 178 1644 322
202 1598 263 1640 qui
278 1603 313 1629 te
332 1609 482 1641 genuere
495 1596 604 1634 beati,
628 1597 683 1629 Et
696 1591 925 1644 frater-felix
949 1602 985 1627 et
997 1593 1195 1642 fortunata
1217 1593 1398 1644 profecto,
1426 1598 1468 1631 Si
1480 1611 1552 1644 qua
1569 1601 1639 1634 cibi

108 1666 214 1689 soror
228 1660 284 1688 est
296 1660 335 1687 eb
338 1665 447 1699 ..quae
452 1652 553 1686 dedic
568 1652 678 1687 ubera
693 1653 832 1692 nutrix,
877 1652 1016 1687 Petron.
1032 1663 1062 1687 c.
1081 1663 1137 1698 94.
1157 1663 1179 1686 o
1189 1649 1340 1701 felicem
1356 1660 1507 1690 matrem
1525 1663 1638 1697 tuam.

109 1722 199 1755 quae
214 1717 250 1744 te
266 1710 375 1743 talem
388 1710 543 1753 peperit,
567 1709 628 1743 ubi
643 1722 675 1745 v.
695 1710 816 1757 intpp.

203 1788 259 1825 70.
287 1778 487 1822 Fortunas]
511 1778 686 1813 Fortunae
701 1778 759 1814 hic
771 1789 843 1814 non
860 1778 902 1813 de
917 1778 1045 1814 divitiis
1065 1778 1235 1821 dicuntur,
1251 1779 1317 1814 sed
1332 1781 1377 1815 de
1392 1786 1491 1818 sorte
1506 1787 1541 1818 et
1556 1794 1640 1819 con-

109 1835 268 1870 ditione.¹
279 1834 325 1870 V.
334 1835 464 1869 Donat.
488 1835 581 1870 Iusta
597 1846 632 1879 3,
655 1849 690 1882 5,
701 1849 729 1882 5
753 1833 1088 1884 servonefortunas
1103 1850 1201 1871 meas
1219 1851 1273 1872 me
1292 1841 1507 1873 commisisse
1506 1837 1621 1888 futili
1626 1854 1642 1882 ‚-

109 1893 146 1926 in
170 1892 362 1927 Heautont.
384 1901 420 1936 3,
447 1901 478 1931 1,
500 1902 549 1937 54
570 1904 624 1926 me
647 1900 788 1927 tuarum
808 1893 1003 1928 miseritum
1037 1900 1093 1926 est
1110 1890 1354 1942 fortunarum.
1400 1895 1561 1930 Notanda
1586 1904 1643 1933 est

111 1949 218 1984 hulus
239 1947 312 1983 1οεί
335 1948 564 1987 constructio.
611 1950 703 1984 Nam
722 1950 804 1984 licet
812 1945 995 1997 fortunas
1016 1951 1209 1994 praecedat,
1232 1956 1348 1985 tamen
1363 1956 1564 1997 pronomen
1582 1956 1643 1999 qui

114 2005 255 2048 ponitur
268 2016 308 2040 ac
320 2004 351 2039 si
362 1998 614 2050 praecessisset
623 2001 860 2055 fortunatum
874 2017 941 2044 me.
986 2006 1087 2043 Ovid.
1109 2018 1151 2042 ex
1172 2008 1289 2045 Ponto
1301 2018 1337 2054 3,
1361 2019 1395 2055 4,
1418 2019 1462 2057 91
1489 2023 1553 2045 nec
1566 2023 1642 2044 mea

1159 2074 1187 2114 3
