1987 2385
285 248 481 286 annornm,'
497 241 832 292 ‘quireferebantur
852 244 943 281 inter
964 245 1170 281 circuitores
1194 243 1249 279 vel
1273 253 1358 285 eos,
1383 242 1443 290 qui
1465 244 1650 290 regionem
1672 244 1824 283 Atticam
1845 258 1857 263 ”

284 302 407 335 amati
432 302 676 343 circumirent3
706 303 765 338 ubi
780 303 966 337 biennium
998 303 1087 337 inter
1113 301 1319 336 circuitores
1344 300 1509 342 fuissent,
1543 304 1756 339 excedebant
1778 313 1821 338 ex

285 356 430 400 ephebis
455 363 491 393 et
518 364 616 394 extra
640 359 794 395 Atticam
819 360 1022 396 militabant.
1054 361 1089 402 ³⁸)
1136 360 1224 394 Rem
1246 364 1404 393 accurate
1431 359 1580 403 explicat
1599 360 1725 394 Pollux
1746 361 1824 407 (qui

283 412 410 448 dicitur
435 414 574 458 Golpus
597 416 635 449 in
649 416 839 451 Brunsiana
856 416 956 458 edit.)
1586 445 1588 447 .

379 470 524 505 liberius
538 473 703 516 vivenda]
727 473 858 507 Libere
872 474 996 506 vivere
1010 473 1147 513 dicitur,
1167 474 1230 518 qui
1245 484 1368 517 parum
1384 474 1602 509 continenter
1615 479 1651 508 et
1666 475 1828 509 modeste

286 526 372 559 vivit
390 527 426 558 in
441 527 633 567 licentiam,
652 540 718 572 pro
732 529 855 563 lubitu.
901 528 971 563 Sed
987 529 1247 572 comparativus
1269 530 1304 563 h.
1323 529 1347 563 l.
1372 529 1667 574 significationem
1688 524 1829 570 minuit,

286 586 326 615 ut
339 578 485 615 liberius
502 583 627 617 vivero
650 584 697 619 sit
709 583 829 629 paullo
845 584 980 620 maiore
996 584 1157 619 libertate
1172 585 1207 619 in
1225 585 1294 620 vita
1308 588 1440 631 agenda
1457 586 1527 628 uti,
1551 598 1654 633 quam
1673 592 1752 622 ante
1768 597 1827 621 so·

284 637 366 671 litus
383 650 492 674 esses.
541 640 640 675 Ovid.
659 642 749 675 Fast.
764 651 798 685 3,
816 648 894 686 778.
920 642 964 674 de
980 641 1145 675 omnibus
1161 640 1455 683 adolescentibus,
1479 643 1539 687 qui
1552 648 1675 686 togam
1692 643 1827 677 virilem

288 694 537 738 sumpsissent,
562 697 716 729 sumitur
732 704 768 730 et
782 698 884 731 vitae
900 697 1079 732 liberioris
1100 698 1182 732 iter.
1228 696 1284 732 De
1302 708 1341 731 ea
1360 698 1396 734 vi
1419 698 1647 743 comparativi
1665 710 1696 734 v,
1713 698 1826 736 Voss.

285 751 329 785 de
349 751 487 796 analog.
507 753 592 797 ling.
611 762 644 794 2,
667 764 724 798 23.
1247 764 1253 770 ·

379 819 437 854 27.
463 810 659 843 Prohibere
683 816 738 845 est
753 811 899 847 verbum
918 811 1136 857 disciplinae,
1168 822 1235 859 qua
1260 809 1530 846 adolescentes
1520 821 1556 845 m
1574 810 1696 846 officio
1714 810 1825 846 conti-

285 870 420 900 nentur.
469 867 514 903 V.
533 868 711 903 Burmann
727 870 770 903 ad
778 869 941 913 Calpurn.
957 868 1031 905 Ecl.
1047 879 1081 913 4,
1092 879 1149 903 20.
1198 868 1381 911 Magister
1393 873 1448 902 est
1460 867 1656 912 praefectus
1671 869 1825 914 ephebo-

284 932 380 962 rum,
405 924 496 967 apud
513 935 617 970 quem
633 926 881 959 exercebantur
896 930 932 958 et
946 934 1086 958 server-a
1101 924 1282 967 disciplina
1308 924 1591 971 continebantur.

382 983 439 1017 28.
463 979 625 1024 plerique
639 991 772 1018 omnes,
795 980 829 1013 h.
849 990 880 1013 e.
897 978 971 1014 fere
991 989 1128 1019 omnes,
1153 980 1267 1013 maior
1281 990 1375 1023 pars,
1421 980 1519 1014 Haec
1534 979 1702 1014 vocabula
1722 990 1827 1024 saepe

285 1031 490 1079 iunguntur.
537 1035 579 1070 In
592 1027 785 1077 Phorm.'1,
802 1045 837 1080 3,
856 1044 913 1071 20.
936 1035 1097 1079 plerique
1114 1035 1258 1079 ingenio
1282 1047 1403 1068 sumus
1425 1033 1569 1069 omnes.>
1586 1031 1703 1070 ‘Cae-s.
1726 1036 1763 1070 B.
1782 1036 1825 1072 G.

288 1099 319 1129 Ι,
338 1101 396 1134 3ο.
420 1092 600 1135 plerisque
616 1092 779 1125 omnibus
802 1092 920 1126 Gallis
938 1092 1101 1124 brevitas
1121 1098 1251 1125 nostra
1269 1087 1463 1126 contemtui
1480 1098 1555 1130 est,
1579 1092 1639 1125 ubi
1663 1104 1694 1126 v.
1714 1092 1822 1136 intpp.
1867 1130 1871 1132 ,

284 1145 344 1181 Sic
359 1147 449 1191 apud
464 1147 555 1182 Hirt.
573 1147 616 1181 de
632 1146 726 1183 bello
741 1148 851 1183 Afric.
870 1159 899 1183 c.
913 1148 970 1193 63.
996 1148 1189 1193 iunguntur
1206 1160 1326 1182 omnes
1344 1147 1471 1193 reliqui
1486 1147 1562 1182 alii.
1598 1147 1703 1194 Apud
1716 1138 1824 1183 Grae-

286 1214 350 1237 cos
367 1194 533 1248 frequens
550 1217 679 1242 natoue
697 1220 805 1243 num
823 1210 888 1239 est.
914 1217 945 1239 v.
962 1205 1062 1239 Bosii
1076 1205 1150 1239 Ind.
1167 1203 1317 1248 Nepotis
1336 1216 1368 1239 v.
1384 1203 1552 1250 plerique.

380 1269 438 1306 29.
472 1260 654 1303 studium]
687 1261 842 1297 studium
866 1258 1011 1301 dicitur,
1043 1260 1079 1294 in
1102 1270 1174 1306 quo
1198 1260 1276 1306 quis
1298 1265 1457 1295 versatur
1476 1265 1513 1295 et
1533 1271 1605 1307 quo
1625 1258 1825 1299 delectatur.

285 1316 841 1379 Hec.4,2,18.19.sat1·0cas
864 1318 958 1350 teuit
978 1317 1179 1350 studiorum
1203 1318 1364 1351 istorum.
1416 1316 1489 1351 Cic.
1510 1328 1577 1361 pro
1595 1317 1688 1352 Cael.
1714 1330 1742 1353 c.
1768 1331 1823 1365 19.

292 1374 524 1418 relinquenda
542 1375 668 1408 studia
681 1363 945 1408 delectationis
966 1373 1090 1411 ludus,
1112 1374 1230 1412 iocus,
1255 1373 1471 1406 convivium.
1517 1372 1572 1407 De
1594 1374 1717 1409 studiis
1740 1376 1823 1410 ado-

285 1428 481 1467 lescentum
496 1430 698 1465 Atticorum
711 1442 749 1464 v.
758 1428 954 1464 Lindeubr.
969 1429 1011 1463 ad
1025 1430 1059 1465 h.
1075 1428 1097 1464 l.
1115 1434 1151 1464 et
1164 1428 1257 1465 Sam.
1265 1429 1417 1464 Petitum
1429 1428 1472 1463 ad
1488 1427 1559 1473 leg.
1569 1429 1673 1464 Attic
1689 1441 1724 1474 p.
1740 1442 1822 1476 239.

379 1498 488 1532 equos
505 1486 617 1530 alere]
641 1486 833 1521 infinitivus
849 1486 943 1520 alere
959 1487 1087 1532 pendet
1100 1497 1121 1520 a
1134 1497 1223 1521 voce
1239 1486 1394 1524 studium
1409 1490 1446 1520 et
1460 1495 1590 1529 graeco
1607 1496 1708 1520 more
1721 1488 1822 1532 poni·

283 1547 341 1578 tur
354 1552 423 1588 pro
439 1544 615 1588 gei-undio
633 1543 759 1578 alendi.
805 1543 923 1579 Verba
936 1549 1004 1576 auc
1020 1542 1071 1576 ad
1082 1543 1321 1586 philosophos
1335 1543 1488 1587 pendent
1499 1553 1519 1575 a
1536 1542 1649 1577 verbis
1665 1545 1822 1578 animum

282 1600 499 1643 adiungunt.

378 1665 434 1701 30.
460 1669 568 1692 canes
587 1656 640 1692 ad
659 1656 881 1696 venandum.
906 1655 929 1692 i.
947 1666 977 1692 e.
1002 1665 1107 1692 canes
1134 1655 1326 1691 venaticos.
1395 1654 1614 1701 Praepositio
1641 1657 1693 1690 ad
1713 1667 1821 1701 saepe

285 1710 461 1755 significat
476 1715 721 1748 ministerium.
753 1715 911 1759 Propert.
923 1723 1000 1759 4‚9,
1013 1723 1069 1747 11.
1084 1712 1311 1757 Lygdamus
1323 1711 1374 1745 aa
1385 1713 1549 1756 ογασΙιω,
1571 1711 1593 1747 i.
1602 1722 1633 1747 e.
1643 1713 1821 1757 pincerna.

319 1817 353 1859 ¹⁸)
379 1816 518 1861 Ephebi
534 1817 588 1849 illi
604 1817 808 1850 circuitores
823 1828 943 1861 graece
960 1817 1132 1849 dicuntur
1155 1820 1321 1870 κρίμασι]
1352 1815 1424 1849 dux
1445 1825 1571 1850 eorum
1596 1814 1822 1862 repandune.

374 1869 411 1895 et
434 1862 572 1895 castella
592 1862 745 1899 Atticae,
776 1863 814 1894 in
840 1873 936 1907 quae
951 1861 1124 1916 praesidia
1141 1872 1183 1894 ex
1200 1862 1263 1900 iis,
1286 1862 1317 1895 ei
1336 1870 1425 1906 opus
1448 1868 1540 1900 erat,
1572 1855 1817 1898 mittebantur,

374 1907 547 1942 dicuntur
561 1905 727 1949 πεμπέλια.
774 1907 917 1941 Horum
935 1907 1102 1942 omnium
1119 1906 1283 1952 frequens
1295 1908 1433 1941 mentio
1449 1907 1546 1951 apud
1557 1906 1819 1949 Thucydidem,

375 1961 475 1994 ¹¹²3»
494 1962 552 1997 99·
584 1958 627 1996 4»
649 1952 706 1995 67·
738 1952 781 1992 6,
806 1957 863 1995 45·
895 1961 935 1996 7»
956 1958 1012 1996 48·
1044 1958 1088 1995 8»
1108 1960 1167 1996 92.
1200 1963 1234 1986 v.
1257 1952 1309 1986 ibi
1332 1952 1507 1988 Scb01.et
1527 1953 1819 2032 ὶηῑει-Ρτοθῐῑοὰίιι
