1987 2385
784 151 952 164 ...-
1604 151 1653 187 ,9

192 244 261 279 81.
286 236 439 277 curabat
444 232 583 286 funus]
608 237 649 269 ut
665 243 718 279 gr.
742 240 888 278 κομιζιιν,
925 235 975 280 sic
990 234 1095 269 etiam
1110 234 1167 273 lat.
1187 247 1311 268 curare
1330 235 1456 269 eximie
1475 233 1600 280 dicitur
1618 234 1651 267 in

110 306 149 332 re
174 295 322 331 funebri.
379 293 481 330 Ovid.
504 292 596 329 Fast.
627 300 668 335 5,
710 291 794 337 657.
835 291 1004 335 displicet
1031 291 1176 323 haeredi
1200 292 1350 326 mandati
1378 288 1460 326 c'ura
1487 292 1650 336 sepulcri.

109 353 205 389 Cart,
225 364 279 394 10,
299 349 450 395 xorius-ri
466 359 597 391 corpus
618 347 824 382 Alexandri
838 359 902 382 suo
920 359 1016 392 more
1034 359 1168 380 curare.
1185 348 1307 381 v.Ern.
1326 349 1367 382 ad
1380 349 1462 383 Tac.
1478 349 1559 383 hist.
1570 359 1603 393 5,
1613 360 1647 393 5-

109 410 228 444 Funus
254 412 310 442 est
339 414 470 453 pompa
498 399 654 438 funebris
679 409 716 439 et
739 405 901 451 quicquid
925 405 966 439 ad
985 404 1149 450 exequias
1171 395 1331 448 pertinet.
1378 403 1540 445 Manilsr,
1565 406 1648 445 886.

115 458 464 511 Cesserac''0ffieizcm
486 460 631 504 morbis,
656 465 692 495 et
701 456 840 520 funera
860 461 1008 494 deerant
1024 458 1213 494 Mortibus
1237 457 1336 502 (non,
1352 455 1513 499 mortuis,
1534 468 1575 496 ut
1595 470 1648 497 est
1700 454 1701 457 ¹

106 523 143 557 in
163 523 285 556 Bruns.
302 519 404 559 edit.)
430 524 466 551 et
486 517 669 552 lacrimae.
693 530 725 553 ν.
741 515 850 563 intpp.
869 518 922 552 ad.
940 517 1001 553 Sil.
1019 516 1095 552 Ital.
1122 527 1150 557 1,
1177 525 1262 562 154.
1313 523 1319 531 ·
1506 530 1509 532 ·

196 570 520 623 84.morter11fert
535 569 790 622 familiariter]
816 585 901 620 quas
903 574 915 607 i
930 573 1110 608 familiaris
1129 578 1234 607 esset.
1274 573 1366 608 Infra
1380 586 1411 609 ν.
1430 585 1507 621 109.
1526 576 1647 610 reiecit

105 644 144 667 se
163 633 198 666 in
214 643 296 665 eum
309 631 398 665 flens
415 641 519 677 quam
534 625 761 668 familiariter.

134 717 136 719 .
192 687 252 734 (In
269 687 376 722 notis
382 686 423 720 ad
440 698 473 723 ν
492 691 549 731 87.
569 691 627 731 89.
643 697 690 732 90
705 686 840 721 nullum
858 692 913 721 est
934 686 1076 721 vitium·
1067 712 1077 728 ,
1108 692 1349 733 praeterquam
1373 688 1466 733 quod
1492 688 1532 721 ad
1553 700 1583 722 v.
1599 699 1644 732 90

102 746 203 782 locus
219 743 491 785 Demosthenis,
525 743 585 789 qui
608 742 725 788 legem
743 741 887 778 Solonis
904 735 1026 777 fimeta
1046 741 1260 788 spectantem
1282 744 1398 784 tradit,v
1422 744 1645 788 negligenter

103 803 256 845 affertur.
287 802 352 836 Est
367 802 396 835 is
414 802 448 834 in
468 805 556 835 orat.
576 800 742 835 adversus
757 797 983 836 Macar-'tatum
997 801 1120 846 p-608.
1136 811 1184 847 34
1199 801 1387 843 edAVolf„
1404 802 1440 836 in
1456 802 1640 838 ed.‘Reisk.

103 859 208 894 Tom.
234 870 267 893 2.
293 869 326 903 p.
353 867 452 903 1071.
481 876 523 883 —
566 857 633 891 Ad.
649 869 680 891 v.
698 861 743 902 98
767 856 828 891 lin.
851 856 913 891 ult.
935 858 978 891 de
991 858 1189 892 discrimine
1206 858 1394 893 verborum
1409 867 1597 903 pereutere
1609 865 1645 893 et

98 916 290 960 percellere
311 915 386 959 egit
407 913 518 949 Bentl.
549 914 602 948 ad.
628 913 717 949 Hor.
738 913 852 959 Epod.
881 924 937 955 11,
962 925 998 949 2·
1017 914 1109 959 (non
1125 915 1229 959 epod.
1252 926 1274 960 5
1291 915 1384 957 init.)
1407 933 1452 942 —
1475 916 1530 949 Ad
1548 928 1580 950 v.
1595 927 1642 961 99

101 973 202 1017 locus
218 973 344 1012 Horat,
361 976 415 1005 est
432 971 467 1005 in
484 982 562 1016 epp.
583 982 613 1011 1,
642 980 696 1016 19,
722 980 799 1017 3141.
824 973 918 1012 (non
935 981 964 1012 1,
987 973 1067 1013 20.)
1091 970 1159 1006 Sed
1172 971 1271 1016 plura
1287 978 1412 1007 notare
1434 973 1470 1006 in
1486 973 1642 1007 editione

101 1029 240 1072 Brunsii
264 1027 390 1063 vitiosa
415 1028 486 1062 iam
510 1038 584 1062 non
611 1032 720 1062 vacat.
778 1025 919 1061 Addam
944 1028 1063 1073 potius
1087 1027 1353 1064 annotationem
1374 1027 1576 1064 Ruh'nkenii
1598 1031 1640 1063 ad

100 1086 291 1127 Heautont.
311 1090 380 1119 act.
391 1095 413 1120 2
427 1084 509 1118 scen
527 1095 558 1125 1,
574 1095 597 1118 2
616 1089 652 1118 et
671 1094 715 1128 3,
739 1095 771 1118 ν.
792 1094 812 1117 1
823 1102 865 1111 -
876 1094 940 1130 74,
972 1095 1062 1130 quae
1078 1084 1114 1119 in
1129 1083 1348 1130 apographo,
1363 1085 1459 1131 quod
1472 1085 1639 1122 Brunssius

99 1142 217 1184 edidit,
240 1142 350 1177 deest.
397 1141 617 1187 Quamquam
633 1140 727 1174 enim
740 1150 815 1175 non
832 1151 973 1193 negem,
996 1140 1148 1175 lectores
1156 1140 1314 1176 Terentii
1329 1141 1387 1175 illa
1403 1141 1504 1176 facile
1520 1153 1639 1176 carere

96 1209 225 1246 posse;
251 1198 375 1234 malim
389 1204 507 1236 tamen
520 1197 680 1232 lacunam
695 1197 906 1232 dictatorum
925 1198 1044 1249 magni
1059 1197 1144 1240 viri,
1177 1209 1287 1247 quum
1311 1198 1424 1234 semel
1443 1199 1534 1235 edita
1555 1200 1638 1242 sinn

97 1255 270 1302 supplere,
294 1266 398 1302 quam
413 1254 620 1301 relinquere.
685 1252 852 1297 Gurlitt.)

540 1374 1180 1417 Heautontimorumer‘z.

674 1452 761 1513 Act.
778 1454 819 1492 2.
861 1453 1047 1497 Scena1,
1082 1498 1085 1500 ,

186 1541 220 1565 v.
234 1538 268 1576 5.
287 1524 400 1576 facili
411 1532 537 1573 patre,
560 1525 584 1561 i.
600 1537 631 1561 e.
647 1526 736 1570 leni,
760 1527 929 1574 benigno.
988 1527 1136 1565 Sueton.
1160 1546 1202 1556 -
1229 1534 1388 1562 uteretur
1398 1535 1527 1573 patre,
1555 1529 1582 1567 i.
1597 1540 1629 1564 e.

94 1585 239 1628 haberet
251 1590 401 1631 patrem.»
415 1585 618 1629 Nep.Attic.
638 1595 669 1625 1,
687 1595 728 1619 2:
749 1591 858 1631 patro
873 1596 956 1618 usus
974 1591 1030 1618 ost
1044 1583 1223 1628 diligente,
1246 1586 1450 1630 indulgente
1463 1585 1527 1621 rel.

185 1655 219 1678 v.
229 1648 265 1682 8.
291 1641 433 1676 adbibit
450 1642 535 1685 plus
557 1642 700 1685 paullo.
727 1641 758 1685 j.
775 1652 806 1674 e.
830 1652 937 1687 quum
959 1640 1079 1684 paullo
1099 1641 1232 1685 largius
1255 1640 1353 1676 bibit.
1397 1640 1406 1644 “
1420 1642 1629 1679 Terentium

92 1699 402 1741 imitatur-Gellius.
427 1702 486 1745 (7,
503 1709 535 1745 7.
553 1698 748 1743 adprobas,
770 1698 868 1734 valde
883 1696 1027 1743 probus,
1050 1697 1249 1742 adprimus,
1268 1697 1379 1744 longe
1392 1699 1539 1746 prim‘us.
1563 1701 1628 1742 G.)

90 1757 148 1794 Sic
164 1757 255 1803 apud
268 1756 377 1792 Plaut.
391 1757 551 1803 adpotus
563 1766 655 1805 prot.
669 1761 786 1801 potus.

208 1824 285 1850 .10.
317 1813 426 1848 surdo
448 1825 601 1847 narrare
609 1808 783 1862 fabulam
810 1809 935 1846 dicitur
958 1809 1019 1858 qui
1041 1809 1125 1858 quid
1146 1815 1264 1847 narrat
1282 1810 1398 1849 allicui
1418 1823 1493 1849 non
1514 1818 1625 1850 atten-

85 1871 192 1915 denti.

180 1939 213 1964 v.
230 1936 286 1972 13.
309 1938 454 1960 suarum
470 1938 584 1960 rerum
599 1931 767 1969 satagere
788 1927 843 1959 est
862 1922 899 1958 in
907 1918 1026 1960 rebus
1047 1924 1121 1960 sui's
1141 1925 1226 1960 satis
1244 1936 1346 1960 curae
1363 1930 1399 1961 et
1413 1925 1545 1962 laboris
1562 1926 1623 1961 ha-

88 1984 181 2020 bere.
228 1983 337 2021 Plaut.
354 1982 478 2018 Bacch,
495 1993 529 2028 4,
546 1993 580 2028 3,
597 1992 669 2027 23·
693 1982 805 2016 Nunc
817 1982 940 2026 agitas
954 1988 1015 2017 sac
1030 1988 1108 2016 cute
1121 1988 1263 2016 tuarum
1278 1992 1406 2017 rerum.

1196 2050 1199 2053 .
1333 2048 1358 2084 3
1371 2043 1390 2063 ⁸
